@book{Hornby:2015,
	author = {Hornby, A S},
	edition = 9,
	institution = {University of Oxford},
	isbn = {978-0-19-479879-2},
	publisher = {Oxford University Press, Oxford},
	title = {Oxford Advanced Learner's Dictionary},
	year = {2015}
}

@book{Kim:2019,
	author = {Kim, Jongho},
	edition = 1,
	isbn = {978-89-6421-376-6},
	publisher = {Hantee Media, Seoul},
	title = {Hanmun Haeseok Gongsik},
	year = {2019}
}

@book{PulleyblankYang:2005,
	author = {Pulleyblank, Edwin G and Yang, Se-Uk},
	edition = 1,
	month = {04},
	publisher = {Kungree Publication Co.,, Seoul},
	title = {Outline of classical chinese grammar},
	year = {2005}
}

@book{Staves:2016,
	edition = 7,
	editor = {{C{\'\i}di{\v a}n Bi{\'a}nj{\'\i}sh{\`\i}}, Zh{\=o}nggu{\'o} Sh{\`e}hu{\`\i} K{\=e}xu{\'e}yu{\`a}n Y{\'a}nji{\=u}su«í},
	month = {9},
	publisher = {The Comercial Press},
	title = {Xi{\`a}nd{\`a}i H{\`a}ny{\`u} C{\'\i}di{\v a}n},
	year = {2016}
}

