@comment{x-kbibtex-encoding=utf-8}

@book{Hornby:2015,
	author = {Hornby, A S},
	edition = {9th},
	institution = {University of Oxford},
	isbn = {978-0-19-479879-2},
	publisher = {Oxford University Press, Oxford},
	title = {Oxford Advanced Learner's Dictionary},
	year = {2015}
}

@book{Kim:2019,
	author = {Kim, Jongho},
	edition = {1st},
	isbn = {978-89-6421-376-6},
	publisher = {Hantee Media, Seoul},
	title = {Hanmun Haeseok Gongsik},
	year = {2019}
}

@book{PulleyblankYang:2005,
	author = {Pulleyblank, Edwin G and Yang, Se-Uk},
	edition = {1st},
	month = {04},
	publisher = {Kungree Publication Co., Seoul},
	title = {Outline of classical chinese grammar},
	year = {2005}
}

@book{Staves:2016,
	author = {中國社會科學院語言研究所詞典編輯室},
	edition = {7th},
	month = {9},
	publisher = {The Comercial Press, Beijing},
	title = {現代漢語詞典},
	year = {2016}
}

