@book{Hornby:2015,
	author = {Hornby, A S},
	edition = 9,
	institution = {University of Oxford},
	isbn = {978-0-19-479879-2},
	publisher = {Oxford University Press, Oxford},
	title = {Oxford Advanced Learner's Dictionary},
	year = {2015}
}

@book{Kim:2019,
	author = {Kim, Jongho},
	edition = 1,
	isbn = {978-89-6421-376-6},
	publisher = {한티미디어},
	title = {한문 홰석 공식},
	year = {2019}
}

