@comment{x-kbibtex-encoding=utf-8}

@book{Hornby:2015,
	author = {A S Hornby},
	edition = {9th},
	institution = {University of Oxford},
	isbn = {978-0-19-479879-2},
	publisher = {Oxford University Press, Oxford},
	title = {Oxford Advanced Learner's Dictionary},
	year = {2015}
}

@book{Ahn:2012,
	address = {서울},
	author = {安奇燮},
	edition = {1st},
	isbn = {978-89-8433-296-6},
	publisher = {보고사},
	title = {漢文法大要},
	year = {2012}
}

@book{Kim:2019,
	author = {김종호},
	edition = {1st},
	isbn = {978-89-6421-376-6},
	location = {서울},
	publisher = {한티미디어},
	title = {한문해석공식},
	year = {2019}
}

@book{Pulleyblank:2005,
	author = {Edwin G Pulleyblank},
	edition = {1st},
	isbn = {89-5820-029-4},
	location = {서울},
	month = {04},
	publisher = {궁리},
	title = {고전 중국어 문법 강의},
	year = {2005}
}

@book{Staves:2016,
	edition = {7th},
	editor = {中國社會科學院},
	month = {9},
	publisher = {The Comercial Press, Beijing},
	title = {現代漢語詞典},
	year = {2016}
}

@book{Gwon:2015,
	author = {권재일 and 김현권 and 남승호},
	booktitle = {언어의 이해},
	isbn = {978-89-20-01542-7},
	location = {서울},
	publisher = {한국방송통신대학교출판문화원},
	year = {2015}
}

